@article{Original,
   author = {Higgins, J.P. and Spiegelhalter, D.J.},
   title = {Being sceptical about meta-analyses: a Bayesian perspective on magnesium trials in myocardial infarction.},
   journal = {Int J Epidemiol.},
   volume = {31},
   number = {1},
   pages = {96-104},
   year = {2002}
}

@article{DL,
   author = {DerSimonian, Rebecca and Laird, Nan},
   title = {Meta-Analysis in Clinical Trials.},
   journal = {Controlled Clinical Trials},
   volume = {7},
   number = {},
   pages = {177-188},
   year = {1986}
}

@book {Hedges,
author = {Borenstein, Michael and Hedges, Larry V. and Higgins, Julian P. T. and Rothstein, Hannah R.},
title = {Introduction to Meta-Analysis},
publisher = {John Wiley \& Sons, Ltd},
year = {2009},
}

@book {Methods,
author = {Schwarzer, Guido and Carpenter, James R. and R{\"u}cker, Gerta},
title = {Meta-Analysis with R},
publisher = {Springer International Publishing},
year = {2015},
}
